<?xml version="1.0" encoding="UTF-8"?><collection xmlns="http://www.loc.gov/MARC21/slim"><record><leader>00534nam--2200169-i-4500</leader><controlfield tag="001">000005322</controlfield><controlfield tag="002">20161230</controlfield><controlfield tag="005">20161230201026</controlfield><controlfield tag="008">060222s1000------------r-----000-0-eng-d</controlfield><datafield ind1=" " ind2=" " tag="040"><subfield code="a">IFIN-HH</subfield></datafield><datafield ind1=" " ind2=" " tag="080"><subfield code="a">539-123:538.95:538.91(061.3)</subfield></datafield><datafield ind1="1" ind2=" " tag="100"><subfield code="a">Prins, J.A</subfield></datafield><datafield ind1="1" ind2="0" tag="245"><subfield code="a">Physics of non-crystalline solids</subfield><subfield code="b">Proceedings of the international conference delft, july, 1964</subfield><subfield code="c">J.a. prins (ed.)</subfield></datafield><datafield ind1=" " ind2=" " tag="260"><subfield code="a">Amsterdam</subfield><subfield code="b">North-holland Publishing Company</subfield><subfield code="c">1965</subfield></datafield><datafield ind1=" " ind2=" " tag="300"><subfield code="a">XVI+667P</subfield></datafield><datafield ind1=" " ind2=" " tag="852"><subfield code="a">21858</subfield><subfield code="c">539.2</subfield></datafield><datafield ind1=" " ind2=" " tag="CAT"><subfield code="a">Sys</subfield><subfield code="c">20121011</subfield><subfield code="h">172040</subfield></datafield></record></collection>